@BOOK{DUMMY:1,
AUTHOR="john doe",
TITLE="The Book without Title",
PUBLISHER="Dummy Publisher",
YEAR="2100",
}
@ARTICLE{CPROG,
AUTHOR="ParthManiyar",
TITLE="How to create GUI in C programming using GTK Toolkit",
PUBLISHER="geeksforgeeks",
YEAR="2020",
}
